<record><leader>00000cas a22000007a 4500</leader><controlfield tag="001">15059995</controlfield><controlfield tag="008">870112d18451858laucr ne      0    0fre d</controlfield><datafield ind1=" " ind2=" " tag="010"><subfield code="a">sn 86090610 </subfield></datafield><datafield ind1=" " ind2=" " tag="040"><subfield code="a">PPM</subfield><subfield code="b">eng</subfield><subfield code="c">PPM</subfield><subfield code="d">LNP</subfield><subfield code="d">UKMGB</subfield><subfield code="d">OCLCQ</subfield><subfield code="d">OCLCF</subfield><subfield code="d">OCLCO</subfield><subfield code="d">OCLCQ</subfield></datafield><datafield ind1="7" ind2=" " tag="016"><subfield code="a">013939618</subfield><subfield code="2">Uk</subfield></datafield><datafield ind1="0" ind2=" " tag="041"><subfield code="a">fre</subfield><subfield code="a">eng</subfield></datafield><datafield ind1=" " ind2=" " tag="042"><subfield code="a">msc</subfield></datafield><datafield ind1=" " ind2=" " tag="043"><subfield code="a">n-us-la</subfield></datafield><datafield ind1="0" ind2=" " tag="130"><subfield code="a">Vigilant (Donaldsonville, La. : 1845)</subfield></datafield><datafield ind1="1" ind2="3" tag="245"><subfield code="a">Le Vigilant.</subfield></datafield><datafield ind1="1" ind2="3" tag="246"><subfield code="a">Vigilant de Donaldsonville</subfield></datafield><datafield ind1=" " ind2=" " tag="260"><subfield code="a">[Donaldsonville, La.] :</subfield><subfield code="b">[J.L. Marciacq &amp; J.N. Terrio]</subfield></datafield><datafield ind1=" " ind2=" " tag="300"><subfield code="a">volumes ;</subfield><subfield code="c">42-57 cm</subfield></datafield><datafield ind1=" " ind2=" " tag="310"><subfield code="a">Semiweekly</subfield></datafield><datafield ind1=" " ind2=" " tag="336"><subfield code="a">text</subfield><subfield code="b">txt</subfield><subfield code="2">rdacontent</subfield></datafield><datafield ind1=" " ind2=" " tag="337"><subfield code="a">unmediated</subfield><subfield code="b">n</subfield><subfield code="2">rdamedia</subfield></datafield><datafield ind1=" " ind2=" " tag="338"><subfield code="a">volume</subfield><subfield code="b">nc</subfield><subfield code="2">rdacarrier</subfield></datafield><datafield ind1="1" ind2=" " tag="362"><subfield code="a">Began in 1845? Ceased in 1858?</subfield></datafield><datafield ind1=" " ind2=" " tag="500"><subfield code="a">"Journal politique, litte&#769;raire et commercial."</subfield></datafield><datafield ind1=" " ind2=" " tag="500"><subfield code="a">Published with an additional masthead in English: The vigilant &lt;Feb. 12-May 3, 1846&gt;.</subfield></datafield><datafield ind1=" " ind2=" " tag="546"><subfield code="a">In French with some notices in English.</subfield></datafield><datafield ind1=" " ind2=" " tag="588"><subfield code="a">Description based on: Vol. [1] no. 4 (Oct. 16, 1845?).</subfield></datafield><datafield ind1=" " ind2="0" tag="651"><subfield code="a">Donaldsonville (La.)</subfield><subfield code="v">Newspapers.</subfield></datafield><datafield ind1=" " ind2="7" tag="651"><subfield code="a">Louisiana</subfield><subfield code="z">Donaldsonville.</subfield><subfield code="2">fast</subfield><subfield code="0">(OCoLC)fst01227058</subfield></datafield><datafield ind1=" " ind2="7" tag="655"><subfield code="a">Newspapers.</subfield><subfield code="2">fast</subfield><subfield code="0">(OCoLC)fst01423814</subfield></datafield><datafield ind1=" " ind2=" " tag="752"><subfield code="a">United States</subfield><subfield code="b">Louisiana</subfield><subfield code="c">Ascension</subfield><subfield code="d">Donaldsonville.</subfield></datafield><datafield ind1="1" ind2=" " tag="029"><subfield code="a">AU@</subfield><subfield code="b">000020446481</subfield></datafield></record>